@article{calzetta:1988-01,
	Author = {Calzetta, E. and Habib, S. and Hu, B.L.},
	Date-Added = {2019-09-22 22:03:16 +1000},
	Date-Modified = {2019-09-22 22:03:16 +1000},
	Journal = {Phys. Rev. D},
	Keywords = {rnc},
	Number = {10},
	Pages = {2901--2919},
	Title = {{Quantum kinetic field theory in curved spacetime: Covariant Wigner function and Liouville-Vlasov equations}},
	Volume = {37},
	Year = {1988}}

@webpage{brewin:2019-01,
	Author = {Leo Brewin},
	Date-Added = {2019-09-22 22:02:49 +1000},
	Date-Modified = {2019-09-22 22:02:49 +1000},
	Keywords = {lcb},
	Title = {{A tutorial on Cadabra}},
	Url = {https://github.com/leo-brewin/cadabra-tutorial},
	Urldate = {2019}}

@book{willmore:1996-01,
	Author = {Willmore, T.J.},
	Date-Added = {2019-09-22 22:02:31 +1000},
	Date-Modified = {2019-09-22 22:02:31 +1000},
	Keywords = {book, rnc},
	Publisher = {Oxford University Press, Oxford},
	Title = {Riemannian Geometry},
	Year = {1996}}

@article{gray:1973-01,
	Author = {Gray, Alfred},
	Date-Added = {2019-09-22 22:02:23 +1000},
	Date-Modified = {2019-09-22 22:02:23 +1000},
	Journal = {Michigan.Math.J.},
	Keywords = {rnc},
	Pages = {329--344},
	Title = {{The volume of a small geodesic ball of a Riemannian manifold}},
	Volume = {20},
	Year = {1973}}

@book{eisenhart:1926-01,
	Annote = {RNC : Sec. 18 and Appx. 3},
	Author = {Eisenhart, Luther Pfahler},
	Date-Added = {2019-09-22 22:02:10 +1000},
	Date-Modified = {2019-09-22 22:02:10 +1000},
	Keywords = {book, rnc},
	Publisher = {Princeton University Press, Princeton},
	Title = {Riemannian Geometry},
	Year = {1926}}

@book{chavel:2006-01,
	Author = {Chavel, Isaac},
	Date-Added = {2019-09-22 22:01:59 +1000},
	Date-Modified = {2019-09-22 22:01:59 +1000},
	Keywords = {book, rnc, geodesic-variation},
	Publisher = {Cambridge University Press, Cambridge.},
	Title = {{Riemannian Geometry. A modern introduction, 2nd ed.}},
	Year = {2006}}

@book{chern-chen-lam:2000-01,
	Author = {Chern, S.S. and Chen, W.H. and Lam, K.S.},
	Date-Added = {2019-09-22 22:01:48 +1000},
	Date-Modified = {2019-09-22 22:01:48 +1000},
	Keywords = {book, rnc},
	Publisher = {World Scientific, Singapore},
	Title = {{Lectures on Differential Geometry}},
	Year = {2000}}

@article{muller:1997-01,
	Author = {M{\"u}ller, Uwe and Schubert, Christian and van de Ven, Anton E.M.},
	Date-Added = {2019-09-22 22:01:34 +1000},
	Date-Modified = {2019-09-22 22:01:34 +1000},
	Eprint = {arXiv:gr-qc/9712092v2},
	Journal = {Gen.Rel.Grav},
	Keywords = {rnc},
	Pages = {1759--1768},
	Title = {{A Closed Formula for the Riemann Normal Coordinate Expansion}},
	Volume = {31},
	Year = {1999}}

@article{yamashita:1984-01,
	Author = {Yoshiyuki Yamashita},
	Date-Added = {2019-09-22 22:01:24 +1000},
	Date-Modified = {2019-09-22 22:01:24 +1000},
	Journal = {General Relativity and Gravitation},
	Keywords = {rnc},
	Number = {2},
	Pages = {99--110},
	Title = {Computer Calculation of Tensors in Riemann Normal Coordinates},
	Volume = {16},
	Year = {1984}}

@article{higashijima:2002-01,
	Author = {Higashijima, Kiyoshi and Itou, Etsuko and Nitta, Muneto},
	Date-Added = {2019-09-22 22:01:08 +1000},
	Date-Modified = {2019-09-22 22:01:08 +1000},
	Eprint = {arXiv:hep-th/0203081v3},
	Journal = {Prog.Theor.Phys.},
	Keywords = {rnc},
	Pages = {185--202},
	Title = {{Normal Coordinates in Kahler Manifolds and the Background Field Method}},
	Volume = {108},
	Year = {2002}}

@article{hatzinikitas:2000-01,
	Author = {Hatzinikitas, Agapitos},
	Date-Added = {2019-09-22 22:00:57 +1000},
	Date-Modified = {2019-09-22 22:00:57 +1000},
	Eprint = {arXiv:hep-th/0001078v1},
	Keywords = {rnc},
	Title = {{A note on Riemann normal coordinates}},
	Year = {2000}}

@webpage{peeters:2017-01,
	Author = {Peeters, Kasper},
	Date-Added = {2019-09-22 22:00:23 +1000},
	Date-Modified = {2019-09-22 22:00:23 +1000},
	Keywords = {cadabra, computer-algebra},
	Title = {{The Cadabra v2.x home page}},
	Url = {https://cadabra.science/index.html},
	Year = {2017}}

@webpage{peeters:2017-02,
	Author = {Peeters, Kasper},
	Date-Added = {2019-09-22 22:00:19 +1000},
	Date-Modified = {2019-09-22 22:00:19 +1000},
	Keywords = {cadabra, computer-algebra},
	Title = {{The Cadabra2 GitHub reporistory}},
	Url = {https://github.com/kpeeters/cadabra2},
	Year = {2017}}

@article{peeters:2018-01,
	Author = {Peeters, Kasper},
	Date-Added = {2019-09-22 22:00:06 +1000},
	Date-Modified = {2019-09-22 22:00:06 +1000},
	Journal = {{Journal of Open Source Software.}},
	Keywords = {cadabra, computer-algebra},
	Number = {32},
	Pages = {1118},
	Title = {{Cadabra2: computer algebra for field theory revisited.}},
	Volume = {3},
	Year = {2018}}

@article{peeters:2007-02,
	Author = {Peeters, Kasper},
	Date-Added = {2019-09-22 21:59:47 +1000},
	Date-Modified = {2019-09-22 21:59:47 +1000},
	Eprint = {arXiv:hep-th/0701238},
	Keywords = {cadabra, computer-algebra},
	Title = {{Introducing Cadabra: a symbolic computer algebra system for field theory problems}},
	Year = {2007}}

@article{brewin:2009-02,
	Author = {Brewin, Leo},
	Date-Added = {2019-09-22 21:59:07 +1000},
	Date-Modified = {2019-09-22 21:59:07 +1000},
	Eprint = {arXiv:0903.2085},
	Journal = {Computer Physics Communications},
	Keywords = {lcb, cadabra},
	Pages = {489--498},
	Title = {{A brief introduction to Cadabra: a tool for tensor computations in General Relativity}},
	Url = {http://users.monash.edu.au/~leo/research/papers/files/lcb09-02.html},
	Volume = {181},
	Year = {2010}}
